
@misc{data,
	title = {Index of /programs-surveys/acs/data/pums/2017/1-{Year}},
	url = {https://www2.census.gov/programs-surveys/acs/data/pums/2017/1-Year/},
	urldate = {2019-09-18},
	author = " {US Census Bureau}",
	journal = {United States Census Bureau},
	month = oct,
	year = {2018},
	file = {Index of /programs-surveys/acs/data/pums/2017/1-Year:/Users/mcgirjau/Zotero/storage/PE677JCA/1-Year.html:text/html}
}

@misc{about,
	title = {About {PUMS}},
	url = {https://www.census.gov/programs-surveys/acs/technical-documentation/pums/about.html},
	abstract = {Learn more about the ACS Public Use Microdata Sample (PUMS) files, including an explanation of files that have been reissued.},
	language = {EN-US},
	urldate = {2019-09-18},
	journal = {United States Census Bureau},
	author = " {US Census Bureau}",
	month = jun,
	year = {2018},
	file = {Snapshot:/Users/mcgirjau/Zotero/storage/6LDN9S7Z/about.html:text/html}
}

@misc{cnbc,
	title = {Here's how much men and women earn at every age},
	url = {https://www.cnbc.com/2019/04/02/heres-how-much-men-and-women-earn-at-every-age.html},
	urldate = {2019-09-18},
	journal = {CNBC},
	author = "Elkins, Kathleen",
	month = apr,
	year = {2019},
	file = {Here's how much men and women earn at every age:/Users/mcgirjau/Zotero/storage/QM5S59K5/heres-how-much-men-and-women-earn-at-every-age.html:text/html}
}

@misc{epi,
	title = {What is the gender pay gap and is it real?: {The} complete guide to how women are paid less than men and why it can’t be explained away {\textbar} {Economic} {Policy} {Institute}},
	url = {https://www.epi.org/publication/what-is-the-gender-pay-gap-and-is-it-real/},
	urldate = {2019-09-18},
	author = "Gould, Elise and Schieder, Jessica and Geie, Kathleen",
	journal = {Economic Policy Institute},
	month = oct,
	year = {2016},
	file = {What is the gender pay gap and is it real?\: The complete guide to how women are paid less than men and why it can’t be explained away | Economic Policy Institute:/Users/mcgirjau/Zotero/storage/XBMHFBSU/what-is-the-gender-pay-gap-and-is-it-real.html:text/html}
}

@misc{wip,
	title = {Are {Asian} {Americans} disadvantaged by “white privilege”? – {Work} in {Progress}},
	shorttitle = {Are {Asian} {Americans} disadvantaged by “white privilege”?},
	url = {http://www.wipsociology.org/2018/05/26/are-asian-americans-disadvantaged-by-white-privilege/},
	language = {en-US},
	urldate = {2019-10-29},
	journal = {WIP Sociology},
	author = {Sakamoto, Arthur},
	month = may,
	year = {2018},
	file = {Snapshot:/Users/mcgirjau/Zotero/storage/2PDRH7IC/are-asian-americans-disadvantaged-by-white-privilege.html:text/html}
}

@misc{aei,
	title = {Asians benefit from 'white supremacy and proximity to white privilege'? {\textbar} {American} {Enterprise} {Institute} - {AEI} \%},
	shorttitle = {Asians benefit from 'white supremacy and proximity to white privilege'?},
	url = {https://www.aei.org/carpe-diem/asian-benefit-from-white-privilege/},
	abstract = {From John Hinderaker writing on the Power Line blog: The success of Asian-Americans is a severe embarrassment to the race industry. Race hustlers focus on “gaps” between whites and blacks with regard to income and educational attainment, which they attribute to “systemic” racism. But what about the gaps between Asian-Americans and whites? Asians, on average, …},
	language = {en-US},
	urldate = {2019-10-29},
	journal = {American Enterprise Institute - AEI},
	author = {Perry, Mark J.},
	month = may,
	year = {2019},
	file = {Snapshot:/Users/mcgirjau/Zotero/storage/VKDW2EEB/asian-benefit-from-white-privilege.html:text/html}
}

@book{faraway,
	title = {Linear {Models} with {R}},
	isbn = {0-203-50727-4},
	language = {English},
	publisher = {CRC Press},
	author = {Faraway, Julian J.},
	year = {2014}
}